<record xmlns="http://www.loc.gov/MARC21/slim" xmlns:xsi="http://www.w3.org/2001/XMLSchema-instance" xsi:schemaLocation="http://www.loc.gov/MARC21/slim http://www.loc.gov/standards/marcxml/schema/MARC21slim.xsd"><leader>     nam a22        4500</leader><controlfield tag="001">3074034</controlfield><controlfield tag="003">NNC</controlfield><controlfield tag="006">m        d        </controlfield><controlfield tag="007">cr cn |||m|||a</controlfield><controlfield tag="008">150318s1959    ir a    o     000 0 ara d</controlfield><datafield ind1=" " ind2=" " tag="040"><subfield code="a">NNU</subfield><subfield code="b">eng</subfield><subfield code="e">rda</subfield><subfield code="c">NNU</subfield></datafield><datafield ind1="1" ind2=" " tag="100"><subfield code="6">880-01</subfield><subfield code="a">Khura&#772;sa&#772;ni&#772;, H&#803;usayn. </subfield></datafield><datafield ind1="1" ind2="0" tag="245"><subfield code="6">880-02</subfield><subfield code="a">Ravish-i mustaqi&#772;m-i zaba&#772;n va adabi&#772;ya&#772;t-i &#699;Arab.</subfield></datafield><datafield ind1="3" ind2=" " tag="246"><subfield code="6">880-03</subfield><subfield code="a">Manhaj al-mustaqi&#772;m li-ta&#699;li&#772;m al-lughat al-&#699;Arabi&#772;yah wa-a&#772;da&#772;buha&#772;</subfield></datafield><datafield ind1="3" ind2=" " tag="246"><subfield code="a">Direct method for Arabic language &amp; literature</subfield></datafield><datafield ind1=" " ind2=" " tag="260"><subfield code="6">880-04</subfield><subfield code="a">Tehra&#772;n :</subfield><subfield code="b">[Da&#772;nishkadah-i Ma&#699;qu&#772;l va Manqu&#772;l],</subfield><subfield code="c">1338 [1959]</subfield></datafield><datafield ind1=" " ind2=" " tag="300"><subfield code="a">online resource (26, 235 pages) :</subfield><subfield code="b">illustrations</subfield></datafield><datafield ind1=" " ind2=" " tag="336"><subfield code="a">text</subfield><subfield code="2">rdacontent</subfield></datafield><datafield ind1=" " ind2=" " tag="337"><subfield code="a">computer</subfield><subfield code="2">rdamedia</subfield></datafield><datafield ind1=" " ind2=" " tag="338"><subfield code="a">online resource</subfield><subfield code="2">rdacarrier</subfield></datafield><datafield ind1=" " ind2=" " tag="500"><subfield code="a">Part of the Arabic Collections Online (ACO) project, contributed by Columbia University Libraries.</subfield></datafield><datafield ind1=" " ind2=" " tag="533"><subfield code="a">Electronic reproduction.</subfield><subfield code="b">New York, N.Y. :</subfield><subfield code="c">New York University,</subfield><subfield code="d">2015.</subfield><subfield code="5">NNU</subfield></datafield><datafield ind1=" " ind2="0" tag="650"><subfield code="a">Arabic language</subfield><subfield code="x">Study and teaching.</subfield></datafield><datafield ind1=" " ind2="7" tag="650"><subfield code="a">Arabic language</subfield><subfield code="x">Study and teaching.</subfield><subfield code="2">fast</subfield><subfield code="0">(OCoLC)fst00812429</subfield></datafield><datafield ind1="2" ind2=" " tag="710"><subfield code="a">Columbia University.</subfield><subfield code="b">Libraries.</subfield></datafield><datafield ind1="0" ind2=" " tag="730"><subfield code="a">Arabic Collections Online.</subfield></datafield><datafield ind1="0" ind2="8" tag="776"><subfield code="i">Print version:</subfield><subfield code="a">Khura&#772;sa&#772;ni&#772;, H&#803;usayn.</subfield><subfield code="t">Ravish-i mustaqi&#772;m-i zaba&#772;n va adabi&#772;ya&#772;t-i &#699;Arab</subfield><subfield code="w">(NNC)3074034</subfield><subfield code="w">(OCoLC)47851459</subfield></datafield><datafield ind1="4" ind2="0" tag="856"><subfield code="u">http://hdl.handle.net/2333.1/7wm37s47</subfield></datafield><datafield ind1="1" ind2=" " tag="880"><subfield code="6">100-01</subfield><subfield code="a">&#1582;&#1585;&#1575;&#1587;&#1575;&#1606;&#1610;&#1548; &#1581;&#1587;&#1610;&#1606;. </subfield></datafield><datafield ind1="1" ind2="0" tag="880"><subfield code="6">245-02</subfield><subfield code="a">&#1585;&#1608;&#1588; &#1605;&#1587;&#1578;&#1602;&#1609;&#1605; &#1586;&#1576;&#1575;&#1606; &#1608; &#1575;&#1583;&#1576;&#1610;&#1575;&#1578; &#1593;&#1585;&#1576;.</subfield></datafield><datafield ind1="3" ind2=" " tag="880"><subfield code="6">246-03</subfield><subfield code="a">&#1605;&#1606;&#1607;&#1580; &#1575;&#1604;&#1605;&#1587;&#1578;&#1602;&#1610;&#1605; &#1604;&#1578;&#1593;&#1604;&#1610;&#1605; &#1575;&#1604;&#1604;&#1594;&#1577; &#1575;&#1604;&#1593;&#1585;&#1576;&#1610;&#1577; &#1608;&#1570;&#1583;&#1575;&#1576;&#1607;&#1575;</subfield></datafield><datafield ind1=" " ind2=" " tag="880"><subfield code="6">260-04</subfield><subfield code="a">&#1591;&#1607;&#1585;&#1575;&#1606; :</subfield><subfield code="b">[&#1583;&#1575;&#1606;&#1588;&#1705;&#1583;&#1607; &#1605;&#1593;&#1602;&#1608;&#1604; &#1608; &#1605;&#1606;&#1602;&#1608;&#1604;]&#1548;</subfield><subfield code="c">1338 [1959]</subfield></datafield><datafield ind1=" " ind2=" " tag="959"><subfield code="a">NNU</subfield><subfield code="b">WEB</subfield><subfield code="c">GENI</subfield><subfield code="t">0</subfield><subfield code="m">Electronic access</subfield><subfield code="s">01</subfield></datafield><datafield ind1=" " ind2=" " tag="999"><subfield code="i">NNC_3074034</subfield><subfield code="o">(OCoLC)ocm47851459</subfield><subfield code="e">(ERROR-880)</subfield><subfield code="s">columbia_aco000358</subfield></datafield></record>